<?xml version="1.0" encoding="UTF-8"?><collection xmlns="http://www.loc.gov/MARC21/slim"><record><leader>00417nam--2200133-i-4500</leader><controlfield tag="001">000020411</controlfield><controlfield tag="002">20161230</controlfield><controlfield tag="005">20161230201033</controlfield><controlfield tag="008">060222s1000------------r-----000-0-eng-d</controlfield><datafield ind1=" " ind2=" " tag="080"><subfield code="a">530.145.61</subfield></datafield><datafield ind1=" " ind2=" " tag="100"><subfield code="a">Faddeev, L.D. And Takhtajan, L.A</subfield></datafield><datafield ind1=" " ind2=" " tag="245"><subfield code="a">Hamiltonian methods in the theory of solid solitons.translated from the russian by reyman, a.g</subfield></datafield><datafield ind1=" " ind2=" " tag="260"><subfield code="a">Berlin, Springer-verlag, 1987.  Ix + 592 P</subfield></datafield><datafield ind1=" " ind2=" " tag="852"><subfield code="a">74236</subfield></datafield></record></collection>